@misc{Asok-notes,
	title = {Algebraic geometry from an {$\Bbb A^1$}-homotopic viewpoint},
	author ={Asok, Aravind},
	year={2019},
	url ={https://dornsife.usc.edu/assets/sites/1176/docs/PDF/MATH599.S16.pdf},
	note={Unpublished lecture notes},
}
@article {KW-EKL,
    AUTHOR = {Kass, Jesse Leo and Wickelgren, Kirsten},
     TITLE = {The class of {E}isenbud-{K}himshiashvili-{L}evine is the local
              {$\bold{A}^1$}-{B}rouwer degree},
   JOURNAL = {Duke Math. J.},
  FJOURNAL = {Duke Mathematical Journal},
    VOLUME = {168},
      YEAR = {2019},
    NUMBER = {3},
     PAGES = {429--469},
      ISSN = {0012-7094},
   MRCLASS = {14F42 (14B05 55M25)},
  MRNUMBER = {3909901},
MRREVIEWER = {Daniel C. Isaksen},
       DOI = {10.1215/00127094-2018-0046},
       URL = {https://doi.org/10.1215/00127094-2018-0046},
}